@article{Sokolowski2024Automated,
  author  = {Sokolowski, Daniel and
             Spielmann, David and
             Salvaneschi, Guido},
  title   = {Automated Infrastructure as Code Program Testing},
  journal = {{IEEE} Transactions on Software Engineering},
  year    = {2024},
  volume  = {},
  number  = {},
  doi     = {10.1109/TSE.2024.3393070}
}

@inproceedings{Sokolowski2024Pipr,
  author    = {Sokolowski, Daniel and
               Spielmann, David and
               Salvaneschi, Guido},
  title     = {The {PIPr} Dataset of Public Infrastructure as Code Programs},
  booktitle = {21th {IEEE/ACM} International Conference on Mining Software Repositories,
               {MSR} 2024, Lisbon, Portugal, April 15-16, 2024},
  pages     = {498--503},
  publisher = {{IEEE}},
  year      = {2024},
  doi       = {10.1145/3643991.3644888}
}